@article{Basili1984,
author = {Basili, Victor},
journal = {IEEE Transactions on Software Engineering},
keywords = {Data collection,data collection methodology,error analysis,error classification,software engineering experimentation},
number = {6},
pages = {728--738},
title = {{A Methodology for Collecting Valid Software Engineering Data}},
volume = {SE-10},
year = {1984}
}
@article{Becker2010,
author = {Becker, Steffen},
journal = {Proceedings of the first joint WOSP/SIPEW international conference on Performance engineering - WOSP/SIPEW '10},
number = {March},
pages = {257},
title = {{The palladio component model}},
url = {http://portal.acm.org/citation.cfm?doid=1712605.1712651},
year = {2010}
}
@book{Eckert2013,
author = {Eckert, Claudia},
publisher = {Oldenbourg Wissenschaftsverlag},
title = {{IT-Sicherheit: Konzepte-Verfahren-Protokolle}},
year = {2013}
}
@book{Jurjens2005,
author = {J{\"{u}}rjens, Jan},
publisher = {Springer-Verlag Berlin Heidelberg},
title = {{Secure Systems Development with UML}},
year = {2005}
}
@article{Koziolek2006,
author = {Koziolek, Heiko and Happe, Jens},
journal = {Proceedings of the 9th International Symposium on Component Based Software Engineering (CBSE 2006)},
pages = {336--343},
title = {{A QoS Driven Development Process Model for Component-Based Software Systems}},
url = {http://dx.doi.org/10.1007/11783565{\_}25},
year = {2006}
}
@misc{Kramera,
author = {Kramer, Max E and Hecker, Martin and Greiner, Simon and Bao, Kaibin},
title = {{Model-Driven Specification and Analysis of Confidentiality in Component-Based Systems}}
}
@misc{Kramer,
  author = {Max E. Kramer and Anton Hergenr\"{o}der and Martin Hecker and Simon Greiner and Kaibin Bao},
  howpublished = {Poster at the 35th IEEE Symposium on Security and Privacy},
  location = {San Jose, California, USA},
  pdf = {http://www.ieee-security.org/TC/SP2014/posters/KRAME.pdf},
  tags = {poster},
  title = {Specification and Verification of Confidentiality in Component-Based Systems},
  url = {http://www.ieee-security.org/TC/SP2014/posters/KRAME.pdf},
  year = {2014},
  groups = {SDQ; KramerMax}
}
@article{Kramer2012,
author = {Kramer, Max and Durdik, Zoya and Hauck, Michael and Hen{\ss}, J{\"{o}}rg and K{\"{u}}ster, Martin and Merkle, Philipp and Rentschler, Andreas},
journal = {Proceedings of the Palladio Days 2012},
title = {{Extending the Palladio Component Model using Profiles and Stereotypes}},
year = {2012}
}
@book{Nielson1999,
author = {Nielson, Flemming and Nielson, Hanne R. and Hankin, Chris},
title = {{Principles of Program Analysis}},
year = {1999}
}
@article{PonemonInsitute2015,
author = {{Ponemon Insitute}},
number = {May},
title = {{2015 Cost of Data Breach Study: Global Analysis}},
url = {https://nhlearningsolutions.com/Portals/0/Documents/2015-Cost-of-Data-Breach-Study.PDF},
year = {2015}
}
@book{Reussner,
author = {Reussner, Ralf and Becker, Steffen and Happe, Jens and Heinrich, Robert and Koziolek, Anne and Koziolek, Heiko and Kramer, Max and Krogmann, Klaus},
title = {{Modeling and Simulating Software Architectures - The Palladio Approach}}
}

@book{Stachowiak1973,
author = {Stachowiak, Herbert},
pages = {131--133},
title = {{Allgemeine Modelltheorie}},
year = {1973}
}
@book{StahlThomasVoelterMarkus2006,
author = {{Stahl Thomas, Voelter Markus}, Czarnecki Krzysztof},
isbn = {0470025700},
publisher = {John Wiley {\&} Sons},
title = {{Model-Driven Software Development: Technology, Engineering, Management}},
year = {2006}
}
@book{Stahl2007,
author = {Stahl, Thomas and V{\"{o}}lter, Markus and Efftinge, Sven and Haase, Arno},
title = {{Modellgetriebene Softwareentwicklung Techniken, Engineering, Management}},
year = {2007}
}
@article{Stenzel2014,
author = {Stenzel, Kurt and Katkalov, Kuzman and Borek, Marian and Reif, Wolfgang},
journal = {Journal of Wireless Mobile Networks, Ubiquitous Computing, and Dependable Applications},
keywords = {formal methods,information flow control,model-driven development,noninterference},
number = {3},
pages = {30--43},
title = {{A model-driven approach to noninterference}},
volume = {5},
year = {2014}
}
@incollection{Strittmatter,
  author = {Strittmatter, Misha and Rostami, Kiana and Heinrich, Robert and Reussner, Ralf},
  booktitle = {2nd International Workshop on Model-Driven Engineering for Component-Based Systems (ModComp)},
  publisher = {CEUR},
  tags = {refereed},
  title = {A Modular Reference Structure for Component-based Architecture Description Languages},
  url = {http://ceur-ws.org/Vol-1463/paper6.pdf},
  year = {2015},
  pages = {36--41}
}

@article{EmfProfiles,
  author = {Langer, Philip and Wieland, Konrad and Wimmer, Manuel and Cabot, Jordi},
  journal = {Journal of Object Technology},
  number = 1,
  pages = {1-29},
  title = {EMF Profiles: A Lightweight Extension Approach for EMF Models.},
  url = {http://dblp.uni-trier.de/db/journals/jot/jot11.html#LangerWWC12},
  volume = 11,
  year = 2012
}


@book{Tom1979,
author = {DeMarco, Tom},
publisher = {Prentice Hall PTR},
title = {{Structured Analysis and System Specification. Prentice Hall}},
year = {1979}
}

@misc{Pase,
  title = {{PASE}},
  howpublished = "\url{https://sdqweb.ipd.kit.edu/wiki/PASE}",
  note = "[Online; abgerufen am 27.09.2016]"
}

@misc{PalladioTX,
  author = {Philipp Merkle},
  title = {{Palladio.TX}},
  howpublished = "\url{https://sdqweb.ipd.kit.edu/wiki/Palladio.TX}",
  note = "[Online; abgerufen am 27.09.2016]"
}

@misc{IPTelefon,
  author = {Torsten Kleinz},
  title = {{Der Feind h√∂rt mit: IP-Telefone von Snom aus dem Netz angreifbar}},
  howpublished = "\url{https://www.heise.de/security/meldung/Der-Feind-hoert-mit-IP-Telefone-von-Snom-aus-dem-Netz-angreifbar-2517201.html}",
  note = "[Online; abgerufen am 27.09.2016]"
}

@misc{Cherokee,
  author = {Ronald Eikenberg},
  title = {{Hacker steuern Jeep Cherokee fern}},
  howpublished = "\url{http://www.heise.de/security/meldung/Hacker-steuern-Jeep-Cherokee-fern-2756331.html}",
  note = "[Online; abgerufen am 27.09.2016]"
}
